<record><leader>00000cas a22000007a 4500</leader><controlfield tag="001">32261598</controlfield><controlfield tag="008">950406d1943194uvauwr ne      0    0eng d</controlfield><datafield ind1=" " ind2=" " tag="010"><subfield code="a">sn 95079081 </subfield></datafield><datafield ind1=" " ind2=" " tag="040"><subfield code="a">NVK</subfield><subfield code="b">eng</subfield><subfield code="c">NVK</subfield><subfield code="d">OCLCQ</subfield><subfield code="d">OCLCF</subfield><subfield code="d">OCLCO</subfield></datafield><datafield ind1="1" ind2=" " tag="029"><subfield code="a">AU@</subfield><subfield code="b">000024757846</subfield></datafield><datafield ind1=" " ind2=" " tag="042"><subfield code="a">msc</subfield></datafield><datafield ind1=" " ind2=" " tag="043"><subfield code="a">n-us-va</subfield></datafield><datafield ind1="0" ind2="4" tag="245"><subfield code="a">The Virginia news.</subfield></datafield><datafield ind1=" " ind2=" " tag="260"><subfield code="a">Arlington, Va. :</subfield><subfield code="b">E.N. Beard</subfield></datafield><datafield ind1=" " ind2=" " tag="300"><subfield code="a">v.</subfield></datafield><datafield ind1=" " ind2=" " tag="310"><subfield code="a">Weekly</subfield></datafield><datafield ind1="1" ind2=" " tag="362"><subfield code="a">Began in 1943.</subfield><subfield code="z">Cf. Ayer (1948).</subfield></datafield><datafield ind1=" " ind2=" " tag="500"><subfield code="a">Editor: Eugene N. Beard, &lt;1947&gt;.</subfield></datafield><datafield ind1=" " ind2=" " tag="500"><subfield code="a">Listed in Ayer for 1948 only.</subfield></datafield><datafield ind1=" " ind2=" " tag="588"><subfield code="a">Description based on: Vol. 4, no. 28 (June 11, 1947).</subfield></datafield><datafield ind1=" " ind2="0" tag="651"><subfield code="a">Arlington (Va.)</subfield><subfield code="v">Newspapers.</subfield></datafield><datafield ind1=" " ind2="7" tag="655"><subfield code="a">Newspapers.</subfield><subfield code="2">fast</subfield><subfield code="0">(OCoLC)fst01423814</subfield></datafield><datafield ind1=" " ind2="7" tag="651"><subfield code="a">Virginia</subfield><subfield code="z">Arlington.</subfield><subfield code="2">fast</subfield><subfield code="0">(OCoLC)fst01205304</subfield></datafield><datafield ind1=" " ind2=" " tag="752"><subfield code="a">United States</subfield><subfield code="b">Virginia</subfield><subfield code="c">Arlington</subfield><subfield code="d">Arlington.</subfield></datafield></record>